<record><leader>00000cas a2200000 a 4500</leader><controlfield tag="001">32441167</controlfield><controlfield tag="007">hd bfu---baat</controlfield><controlfield tag="007">hd afu---bact</controlfield><controlfield tag="008">950509c188u9999nbuwr nea     0    0eng c</controlfield><datafield ind1=" " ind2=" " tag="010"><subfield code="a">sn 95069645 </subfield></datafield><datafield ind1=" " ind2=" " tag="040"><subfield code="a">NVG</subfield><subfield code="b">eng</subfield><subfield code="c">NVG</subfield><subfield code="d">OCLCQ</subfield><subfield code="d">OCLCF</subfield><subfield code="d">OCLCO</subfield><subfield code="d">OCLCQ</subfield></datafield><datafield ind1=" " ind2=" " tag="042"><subfield code="a">pcc</subfield></datafield><datafield ind1=" " ind2=" " tag="043"><subfield code="a">n-us-nb</subfield></datafield><datafield ind1="0" ind2="4" tag="245"><subfield code="a">The Wakefield Republican.</subfield></datafield><datafield ind1="1" ind2="7" tag="246"><subfield code="a">Wakefield, Neb., Republican</subfield></datafield><datafield ind1="1" ind2="7" tag="246"><subfield code="a">Wakefield (Nebraska) Republican</subfield><subfield code="f">Jan. 16, 1930-Oct. 26, 1944</subfield></datafield><datafield ind1="1" ind2="3" tag="246"><subfield code="a">Republican-journal</subfield><subfield code="f">&lt;Mar. 8, 1900&gt;-May 25, 1911</subfield></datafield><datafield ind1="1" ind2="3" tag="246"><subfield code="a">Republican and journal</subfield><subfield code="f">Nov. 24, 1905-&lt;Nov. 2, 1911&gt;</subfield></datafield><datafield ind1=" " ind2=" " tag="260"><subfield code="a">Wakefield, Neb. :</subfield><subfield code="b">William Wheeler</subfield></datafield><datafield ind1=" " ind2=" " tag="300"><subfield code="a">volumes</subfield></datafield><datafield ind1=" " ind2=" " tag="310"><subfield code="a">Weekly</subfield></datafield><datafield ind1=" " ind2=" " tag="336"><subfield code="a">text</subfield><subfield code="b">txt</subfield><subfield code="2">rdacontent</subfield></datafield><datafield ind1=" " ind2=" " tag="337"><subfield code="a">microform</subfield><subfield code="b">h</subfield><subfield code="2">rdamedia</subfield></datafield><datafield ind1=" " ind2=" " tag="338"><subfield code="a">microfilm reel</subfield><subfield code="b">hd</subfield><subfield code="2">rdacarrier</subfield></datafield><datafield ind1=" " ind2=" " tag="580"><subfield code="a">Absorbed: Wakefield journal, 1900; Allen news, 1948.</subfield></datafield><datafield ind1=" " ind2=" " tag="588"><subfield code="a">Description based on: Vol. 11, no. 22 (Dec. 15, 1892).</subfield></datafield><datafield ind1=" " ind2=" " tag="533"><subfield code="a">Microfilm.</subfield><subfield code="m">1892,1895- :[Gaps]</subfield><subfield code="b">Lincoln, Neb. :</subfield><subfield code="c">Nebraska State Historical Society,</subfield><subfield code="d">[1976]-</subfield><subfield code="e">microfilm reels ; 35 mm.</subfield></datafield><datafield ind1=" " ind2="0" tag="651"><subfield code="a">Wakefield (Neb.)</subfield><subfield code="v">Newspapers.</subfield></datafield><datafield ind1=" " ind2="0" tag="651"><subfield code="a">Dixon County (Neb.)</subfield><subfield code="v">Newspapers.</subfield></datafield><datafield ind1=" " ind2="7" tag="651"><subfield code="a">Nebraska</subfield><subfield code="z">Dixon County.</subfield><subfield code="2">fast</subfield><subfield code="0">(OCoLC)fst01212882</subfield></datafield><datafield ind1=" " ind2="7" tag="651"><subfield code="a">Nebraska</subfield><subfield code="z">Wakefield.</subfield><subfield code="2">fast</subfield><subfield code="0">(OCoLC)fst01219653</subfield></datafield><datafield ind1=" " ind2="7" tag="655"><subfield code="a">Newspapers.</subfield><subfield code="2">fast</subfield><subfield code="0">(OCoLC)fst01423814</subfield></datafield><datafield ind1=" " ind2=" " tag="752"><subfield code="a">United States</subfield><subfield code="b">Nebraska</subfield><subfield code="c">Dixon</subfield><subfield code="d">Wakefield.</subfield></datafield><datafield ind1="1" ind2="4" tag="780"><subfield code="t">Wakefield journal</subfield><subfield code="w">(DLC)sn 95069644</subfield></datafield><datafield ind1="1" ind2="4" tag="780"><subfield code="t">Allen news</subfield><subfield code="w">(DLC)sn 94055372</subfield></datafield><datafield ind1="1" ind2=" " tag="029"><subfield code="a">AU@</subfield><subfield code="b">000011677519</subfield></datafield></record>